<?xml version="1.0" encoding="UTF-8"?><record xmlns="http://www.loc.gov/MARC21/slim" xmlns:cinclude="http://apache.org/cocoon/include/1.0" xmlns:zs="http://www.loc.gov/zing/srw/">
  <leader>00853cz  a2200169n  4500</leader>
  <controlfield tag="001">n 2009204869</controlfield>
  <controlfield tag="003">DLC</controlfield>
  <controlfield tag="005">20120818075441.0</controlfield>
  <controlfield tag="008">090930n| acannaabn          |b ana      </controlfield>
  <datafield tag="010" ind1=" " ind2=" ">
    <subfield code="a">n 2009204869</subfield>
  </datafield>
  <datafield tag="040" ind1=" " ind2=" ">
    <subfield code="a">DLC</subfield>
    <subfield code="b">eng</subfield>
    <subfield code="c">DLC</subfield>
    <subfield code="d">DLC</subfield>
  </datafield>
  <datafield tag="111" ind1="2" ind2=" ">
    <subfield code="a">Muʼtamar lil-Baḥth al-ʻIlmī</subfield>
  </datafield>
  <datafield tag="411" ind1="2" ind2=" ">
    <subfield code="a">Congres de la recherche scientifique</subfield>
  </datafield>
  <datafield tag="411" ind1="2" ind2=" ">
    <subfield code="a">مؤتمر للبحث العلمي</subfield>
  </datafield>
  <datafield tag="667" ind1=" " ind2=" ">
    <subfield code="a">THIS 1XX FIELD CANNOT BE USED UNDER RDA UNTIL THIS RECORD HAS BEEN REVIEWED AND/OR UPDATED</subfield>
  </datafield>
  <datafield tag="667" ind1=" " ind2=" ">
    <subfield code="a">Non-Latin script reference not evaluated.</subfield>
  </datafield>
  <datafield tag="670" ind1=" " ind2=" ">
    <subfield code="a">Its (7th : 2001 : Zaghwān, Tunisia). Aʻmāl al-Muʼtamar al-Sābiʻ lil-Baḥth al-ʻIlmī, 2002:</subfield>
    <subfield code="b">t.p. (المؤتمر السابع للبحث العلمي = Aʻmāl al-Muʼtamar al-Sābiʻ lil-Baḥth al-ʻIlmī, Feb. 2001, Zaghwān, Tunisia) added t.p. (Congres de la recherche scientifique)</subfield>
  </datafield>
</record>